@misc{LME_water_sensor, title={In-depth: How water level sensor works and interface it with Arduino}, url={https://lastminuteengineers.com/water-level-sensor-arduino-tutorial/}, journal={Last Minute Engineers}, publisher={Last Minute Engineers}, author={LME Editorial}, year={2025}, month={Apr}}

@misc{Anon_Abba_Dejan_Cristina_Rohitash_Nedelkovski_Olin_Naja_Matt_Chris_et al._2022, title={Ultrasonic sensor HC-SR04 and Arduino - Complete Guide}, url={https://howtomechatronics.com/tutorials/arduino/ultrasonic-sensor-hc-sr04/}, journal={How To Mechatronics}, author={Anon and Abba and Dejan and Cristina and Rohitash and Nedelkovski, Dejan and Olin, Hannu and Naja and Matt and Chris and et al.}, year={2022}, month={Feb}} 




